@book{BH1,
      author        = "Bushnell, C. J. and Henniart, G.",
      title         = "{The Local Langlands Conjecture for GL(2)}",
      publisher     = "Springer Berlin",
      series        = "Grundlehren der mathematischen Wissenschaften",
      year          = "2006",
}

@book{GH1,
      author        = "Getz, J. R. and Hahn, H.",
      title         = "{An Introduction to Automorphic Representations}",
      publisher     = "Springer Cham",
      series        = "Graduate Texts in Mathematics",
      year          = "2024",
}